<?xml version="1.0"?>
<collection xmlns="http://www.loc.gov/MARC21/slim">
  <record>
    <leader>01492nam a2200349 a 4500</leader>
    <controlfield tag="001">cihm_29051</controlfield>
    <controlfield tag="003">CaSfIA</controlfield>
    <controlfield tag="005">20160212080705.0</controlfield>
    <controlfield tag="007">cr||||||||||||</controlfield>
    <controlfield tag="008">850207s1898    oncab   b     000 0 eng d</controlfield>
    <datafield tag="020" ind1=" " ind2=" ">
      <subfield code="a">0665290519</subfield>
    </datafield>
    <datafield tag="035" ind1=" " ind2=" ">
      <subfield code="a">ocn317927683</subfield>
    </datafield>
    <datafield tag="040" ind1=" " ind2=" ">
      <subfield code="a">CaOOCIHM</subfield>
      <subfield code="b">eng</subfield>
      <subfield code="d">AEU</subfield>
      <subfield code="d">CaSfIA</subfield>
    </datafield>
    <datafield tag="043" ind1=" " ind2=" ">
      <subfield code="a">n-cn-ns</subfield>
    </datafield>
    <datafield tag="082" ind1="0" ind2=" ">
      <subfield code="a">557.16</subfield>
      <subfield code="2">19</subfield>
    </datafield>
    <datafield tag="090" ind1=" " ind2=" ">
      <subfield code="a">FC 02 0203 no. 29051</subfield>
      <subfield code="b">AEU</subfield>
    </datafield>
    <datafield tag="100" ind1="1" ind2=" ">
      <subfield code="a">Bailey, L. W.</subfield>
      <subfield code="q">(Loring Woart),</subfield>
      <subfield code="d">1839-1925</subfield>
    </datafield>
    <datafield tag="245" ind1="1" ind2="0">
      <subfield code="a">Report on the geology of south-west Nova Scotia</subfield>
      <subfield code="h">[electronic resource] </subfield>
      <subfield code="b">embracing the counties of Queen's, Shelburne, Yarmouth, Digby and part of Annapolis /</subfield>
      <subfield code="c">by L.W. Bailey.</subfield>
    </datafield>
    <datafield tag="260" ind1=" " ind2=" ">
      <subfield code="a">Ottawa :</subfield>
      <subfield code="b">S.E. Dawson,</subfield>
      <subfield code="c">1898.</subfield>
    </datafield>
    <datafield tag="300" ind1=" " ind2=" ">
      <subfield code="a">3 microfiches (92 fr.) :</subfield>
      <subfield code="b">ill., map.</subfield>
    </datafield>
    <datafield tag="490" ind1="1" ind2=" ">
      <subfield code="a">CIHM/ICMH Microfiche series = CIHM/ICMH collection de microfiches ;</subfield>
      <subfield code="v">no. 29051</subfield>
    </datafield>
    <datafield tag="500" ind1=" " ind2=" ">
      <subfield code="a">At head of title: Geological Survey of Canada. G.M. Dawson, C.M.G., LL. D., F.R.S., Director.</subfield>
    </datafield>
    <datafield tag="500" ind1=" " ind2=" ">
      <subfield code="a">"No. 628."</subfield>
    </datafield>
    <datafield tag="533" ind1=" " ind2=" ">
      <subfield code="a">Filmed from a copy of the original publication held by the Library, Geological Survey of Canada.</subfield>
      <subfield code="b">Ottawa :</subfield>
      <subfield code="c">Canadian Institute for Historical Microreproductions,</subfield>
      <subfield code="d">1983.</subfield>
    </datafield>
    <datafield tag="534" ind1=" " ind2=" ">
      <subfield code="e">154 p., [6] leaves of plates : ill., map ; 25 cm.</subfield>
    </datafield>
    <datafield tag="596" ind1=" " ind2=" ">
      <subfield code="a">43</subfield>
    </datafield>
    <datafield tag="650" ind1=" " ind2="0">
      <subfield code="a">Geology</subfield>
      <subfield code="z">Nova Scotia.</subfield>
    </datafield>
    <datafield tag="650" ind1=" " ind2="6">
      <subfield code="a">G&#xC3;&#xA9;ologie</subfield>
      <subfield code="z">Nouvelle-Ecoss</subfield>
    </datafield>
    <!-- No separator at end of field length=32 -->
    <!-- Bad indicator data. Skipping 2 bytes -->
    <datafield tag="710" ind1="2" ind2=" ">
      <subfield code="a">Geological Survey of Canada.</subfield>
    </datafield>
    <!-- Bad indicator data. Skipping 2 bytes -->
    <datafield tag="830" ind1=" " ind2="0">
      <subfield code="a">CIHM/ICMH microfiche series ;</subfield>
      <subfield code="v">no. 29051</subfield>
    </datafield>
    <!-- Bad indicator data. Skipping 2 bytes -->
    <datafield tag="856" ind1="4" ind2="1">
      <subfield code="u">http://archive.org/details/cihm_29051</subfield>
      <subfield code="z">Free eBook from the Internet Archive</subfield>
    </datafield>
    <datafield tag="856" ind1="4" ind2="2">
      <subfield code="u">http://www.openlibrary.org/books/OL24228713M</subfield>
      <subfield code="z">Additional information and access via Open Library</subfield>
    </datafield>
    <!-- Bad indicator data. Skipping 2 bytes -->
    <datafield tag="016" ind1=" " ind2=" ">
      <subfield code="a"> 856254681</subfield>
    </datafield>
    <!-- Bad indicator data. Skipping 2 bytes -->
  </record>
</collection>
